<?xml version="1.0" encoding="UTF-8"?><collection xmlns="http://www.loc.gov/MARC21/slim"><record><leader>00560nam--2200181-i-4500</leader><controlfield tag="001">000035567</controlfield><controlfield tag="002">20161230</controlfield><controlfield tag="005">20161230201040</controlfield><controlfield tag="008">060222s1000------------r-----000-0-eng-d</controlfield><datafield ind1=" " ind2=" " tag="040"><subfield code="a">IFIN-HH</subfield></datafield><datafield ind1=" " ind2=" " tag="080"><subfield code="a">539.12.01</subfield></datafield><datafield ind1="1" ind2=" " tag="100"><subfield code="a">Muta, Taizo</subfield></datafield><datafield ind1="1" ind2="0" tag="245"><subfield code="a">Foundations of quantum chromodynamics. an introduction to perturbative methods in gauge theories</subfield><subfield code="c">Taiza muta</subfield></datafield><datafield ind1=" " ind2=" " tag="260"><subfield code="a">Singapore</subfield><subfield code="b">World Scientific</subfield><subfield code="c">1987</subfield></datafield><datafield ind1=" " ind2=" " tag="300"><subfield code="a">XII + 400P</subfield></datafield><datafield ind1=" " ind2=" " tag="490"><subfield code="a">World Scientific Lectures Notes In Physics. Vol. 5</subfield></datafield><datafield ind1=" " ind2=" " tag="852"><subfield code="a">74723</subfield><subfield code="c">53</subfield></datafield><datafield ind1=" " ind2=" " tag="CAT"><subfield code="a">Sys</subfield><subfield code="c">20150811</subfield><subfield code="h">125853</subfield></datafield></record></collection>